<record xmlns="http://www.loc.gov/MARC21/slim" xmlns:xsi="http://www.w3.org/2001/XMLSchema-instance" xsi:schemaLocation="http://www.loc.gov/MARC21/slim http://www.loc.gov/standards/marcxml/schema/MARC21slim.xsd"><leader>     nam a22        4500</leader><controlfield tag="001">001682843</controlfield><controlfield tag="003">NNU</controlfield><controlfield tag="006">m        d        </controlfield><controlfield tag="007">cr cn |||m|||a</controlfield><controlfield tag="008">150313s1962    iq      ob    00  0 ara  </controlfield><datafield ind1=" " ind2=" " tag="040"><subfield code="a">NNU</subfield><subfield code="b">eng</subfield><subfield code="c">NNU</subfield></datafield><datafield ind1="1" ind2=" " tag="100"><subfield code="a">Ibn Jinn&#299;, Ab&#363; al-Fat&#7717; &#699;Uthm&#257;n,</subfield><subfield code="d">d. 1002.</subfield></datafield><datafield ind1="1" ind2="3" tag="245"><subfield code="a">al-Tam&#257;m f&#299; tafs&#299;r ash&#699;&#257;r Hudhayl mimm&#257; aghfalahu Ab&#363; Sa&#699;&#299;d al-Sukkar&#299;</subfield><subfield code="h">[electronic resource] /</subfield><subfield code="c">li-Ab&#299; al-Fat&#7717; &#699;Uthm&#257;n ibn Jinn&#299; ; &#7717;aqqaqahu wa-qaddama lahu A&#7717;mad N&#257;j&#299; al-Qays&#299;, Khad&#299;jah &#699;Abd al-Razz&#257;q al-&#7716;ad&#299;th&#299;, A&#7717;mad Ma&#7789;l&#363;b ; raja&#699;ahu Mu&#7779;&#7789;af&#225; Jaw&#257;d.</subfield></datafield><datafield ind1=" " ind2=" " tag="250"><subfield code="a">al-&#7788;ab&#699;ah 1.</subfield></datafield><datafield ind1=" " ind2=" " tag="260"><subfield code="a">Baghd&#257;d :</subfield><subfield code="b">Ma&#7789;ba&#699;at al-&#699;&#256;n&#299;,</subfield><subfield code="c">1962.</subfield></datafield><datafield ind1=" " ind2=" " tag="300"><subfield code="a">online resource (296 p.) :</subfield><subfield code="b">facsims.</subfield></datafield><datafield ind1=" " ind2=" " tag="500"><subfield code="a">Includes poems belonging to the group known as D&#299;w&#257;n al-Hudhayl&#299;y&#299;n.</subfield></datafield><datafield ind1=" " ind2=" " tag="500"><subfield code="a">Part of the Arabic Collections Online (ACO) project, contributed by New York Univeristy Libraries.</subfield></datafield><datafield ind1=" " ind2=" " tag="504"><subfield code="a">Bibliography: p. 261-264.</subfield></datafield><datafield ind1=" " ind2=" " tag="533"><subfield code="a">Electronic reproduction.</subfield><subfield code="b">New York, N.Y. :</subfield><subfield code="c">New York University,</subfield><subfield code="d">2015.</subfield><subfield code="5">NNU</subfield></datafield><datafield ind1=" " ind2="0" tag="650"><subfield code="a">Arabic poetry</subfield><subfield code="x">History and criticism.</subfield></datafield><datafield ind1="1" ind2=" " tag="700"><subfield code="a">&#7716;ad&#299;th&#299;, Khad&#299;jah.</subfield></datafield><datafield ind1="1" ind2=" " tag="700"><subfield code="a">Ma&#7789;l&#363;b, A&#7717;mad.</subfield></datafield><datafield ind1="1" ind2=" " tag="700"><subfield code="a">Jaw&#257;d, Mu&#7779;&#7789;af&#225;,</subfield><subfield code="d">1905-1969.</subfield></datafield><datafield ind1="2" ind2=" " tag="710"><subfield code="a">New York University.</subfield><subfield code="b">Libraries.</subfield></datafield><datafield ind1="0" ind2=" " tag="730"><subfield code="a">Arabic Collections Online.</subfield></datafield><datafield ind1="0" ind2=" " tag="740"><subfield code="a">D&#299;w&#257;n al-Hudhal&#299;y&#299;n.</subfield></datafield><datafield ind1="0" ind2="8" tag="776"><subfield code="i">Print version:</subfield><subfield code="a">Ibn Jinn&#299;, Ab&#363; al-Fat&#7717; &#699;Uthm&#257;n, d. 1002.</subfield><subfield code="t">al-Tam&#257;m f&#299; tafs&#299;r ash&#699;&#257;r Hudhayl mimm&#257; aghfalahu Ab&#363; Sa&#699;&#299;d al-Sukkar&#299;</subfield><subfield code="w">(NNU)001682843</subfield><subfield code="w">(DLC)ne 64000344</subfield></datafield><datafield ind1="4" ind2="0" tag="856"><subfield code="u">http://hdl.handle.net/2333.1/bzkh1bnx</subfield></datafield><datafield ind1=" " ind2=" " tag="959"><subfield code="a">NNU</subfield><subfield code="b">WEB</subfield><subfield code="c">GENI</subfield><subfield code="t">0</subfield><subfield code="m">Electronic access</subfield><subfield code="s">01</subfield></datafield><datafield ind1=" " ind2=" " tag="999"><subfield code="i">NNU_001682843</subfield><subfield code="s">nyu_aco000498</subfield><subfield code="e">(ERROR-880)(ERROR-MISC)</subfield></datafield></record>